@MANUAL{DUM:13:2013,
  TITLE =        {DAKOTA, A Multilevel Parallel Object-Oriented Framework for
Design Optimization, Parameter Estimation, Uncertainty
Quantification, and Sensitivity Analysis, Version 5.3 User’s Manual},
  author =       {B. M. Adams and M. S. Ebeida and M. S. Eldred and
J. D. Jakeman and L. P. Swiler and W. J. Bohnhoff and K. R. Dalbey and
J. P. Eddy and K. T. Hu and D. M. Vigil and L. E. Bauman and P. D. Hough},
  organization = {Sandia National Laboratories},
  address =      {},
  edition =      {},
  month =        {January},
  year =         {2013},
  note =         {},
  abstract =     {},
  keywords =     {},
  source =       {http://dakota.sandia.gov},
}

%Carlos A. Coello Coello and David A. Van Veldhuizen, and Gary B. Lamont
@BOOK{coello:eas_for_mop:2002,
  author =          {C. A. Coello Coello and D. A. Van Veldhuizen and G. B. Lamont},
  editor =          {},
  title =           {Evolutionary Algorithms for Solving Multi-Objective Problems},
  publisher =       {Kluwer Academic Publishers},
  year =            {2002},
  key =             {},
  volume =          {},
  number =          {},
  series =          {},
  address =         {New York, New York},
  edition =         {},
  month =           {},
  note =            {},
  annote =          {}
}

@INPROCEEDINGS{dennis:weight_sum_drawbacks:1997,
  AUTHOR =       {J. Dennis and I. Das},
  TITLE =        {A Closer Look at Drawbacks of Minimizing Weighted Sums of Objectives for Pareto Set Generation in Multicriteria Optimization Problems},
  BOOKTITLE =    {Structural Optimization},
  YEAR =         {1997},
  editor =       {},
  volume =       {14},
  number =       {1},
  series =       {},
  pages =        {63-69},
  address =      {},
  month =        {},
  organization = {},
  publisher =    {},
  note =         {},
  abstract =     {},
  keywords =     {},
}

@INPROCEEDINGS{eddy:cloud_visualization:2002,
  AUTHOR =       {J. Eddy and K. Lewis},
  TITLE =        {Visualization of Multidimensional Design and Optimization Using Cloud Visualization},
  BOOKTITLE =    {ASME Design Engineering Technical Conferences},
  YEAR =         {2002},
  editor =       {},
  volume =       {},
  number =       {DETC02/DAC-2006},
  series =       {},
  pages =        {},
  address =      {},
  month =        {},
  organization = {},
  publisher =    {},
  note =         {},
  abstract =     {},
  keywords =     {},
}

% Vilfredo Pareto
@TECHREPORT{pareto:manuale:1906,
  AUTHOR =       {V. Pareto},
  TITLE =        {Manuale di Econòmica Polìttica},
  INSTITUTION =  {Società Editrice Libràia},
  YEAR =         {1906},
  type =         {},
  number =       {},
  address =      {Milan, Italy},
  month =        {},
  note =         {Translated into English by A. S. Schwier, as Manual of Political Economy, Macmillan, New York, 1971.},
  abstract =     {},
  keywords =     {},
  source =       {},
}

%Indraneel Das, John E. Dennis, Jr.
@INPROCEEDINGS{das:nbi:1998,
  AUTHOR =       {I. Das and J. E. Dennis},
  TITLE =        {Normal-Boundary Intersection: A New Method for Generating the Pareto Surface in Nonlinear Multicriteria Optimization Problems},
  BOOKTITLE =    {SIAM Journal on Optimization},
  YEAR =         {1998},
  editor =       {},
  volume =       {8(3)},
  number =       {},
  series =       {},
  pages =        {631-657},
  address =      {},
  month =        {},
  organization = {},
  publisher =    {},
  note =         {},
  abstract =     {},
  keywords =     {}
}

@MASTERSTHESIS{eddy:ms:2001,
  AUTHOR =       {J. P. Eddy},
  TITLE =        {The use of Genetic Programming and Visualization to Facilitate Multi-Objective Design Optimization},
  SCHOOL =       {University at Buffalo, SUNY},
  YEAR =         {2001},
  type =         {},
  address =      {},
  month =        {February},
  note =         {},
  abstract =     {},
  keywords =     {},
  source =       {},
}
